%% This BibTeX bibliography file was created using BibDesk.
%% http://bibdesk.sourceforge.net/


%% Created for Juha Javanainen at 2016-02-10 10:26:33 -0500 


%% Saved with string encoding Unicode (UTF-8) 



@book{GAR04,
	Address = {Berlin},
	Author = {Gardiner, Crispin and Zoller, P.},
	Date-Added = {2016-02-10 15:26:31 +0000},
	Date-Modified = {2016-02-10 15:26:31 +0000},
	Edition = {3rd ed.},
	Publisher = {Springer},
	Title = {Quantum Noise},
	Year = {2004}}

@url{OSG,
	Author = {http://www.opensciencegrid.org/},
	Date-Added = {2016-02-09 13:47:41 +0000},
	Date-Modified = {2016-02-09 13:53:12 +0000}}

@article{Javanainen:16,
	Abstract = {With ready access to massive computer clusters we may now study light propagation in a dense cold atomic gas by means of basically exact numerical simulations. We report on a direct comparison between traditional optics, that is, electrodynamics of a polarizable medium, and numerical simulations in an elementary problem of light propagating through a slab of matter. The standard optics fails already at quite low atom densities, and the failure becomes dramatic when the average interatomic separation is reduced to around k\&\#x02212;1, where k is the wave number of resonant light. The difference between the two solutions originates from correlations between the atoms induced by light-mediated dipole-dipole interactions.},
	Author = {Juha Javanainen and Janne Ruostekoski},
	Date-Added = {2016-02-09 12:17:51 +0000},
	Date-Modified = {2016-02-09 12:17:51 +0000},
	Doi = {10.1364/OE.24.000993},
	Journal = {Opt. Express},
	Keywords = {Line shapes and shifts; Effective medium theory},
	Month = {Jan},
	Number = {2},
	Pages = {993--1001},
	Publisher = {OSA},
	Title = {Light propagation beyond the mean-field theory of standard optics},
	Url = {http://www.opticsexpress.org/abstract.cfm?URI=oe-24-2-993},
	Volume = {24},
	Year = {2016},
	Bdsk-Url-1 = {http://www.opticsexpress.org/abstract.cfm?URI=oe-24-2-993},
	Bdsk-Url-2 = {http://dx.doi.org/10.1364/OE.24.000993}}

@article{Lilienfeld:04,
	Abstract = {Although ideas about the origins of the sky's blue color can be traced back to Greek antiquity, the first concerted effort to reach a plausible explanation is attributed to Leonardo da Vinci. The Italian master was followed by Newton, and later by Bouguer and de Saussure. Tyndall wrestled with the problem around 1869, but the definitive explanation was proposed only in 1899, by Lord Rayleigh.},
	Author = {Pedro Lilienfeld},
	Doi = {10.1364/OPN.15.6.000032},
	Journal = {Opt. Photon. News},
	Keywords = {General; Atmospheric and oceanic optics},
	Month = {Jun},
	Number = {6},
	Pages = {32--39},
	Publisher = {OSA},
	Title = {A Blue Sky History},
	Url = {http://www.osa-opn.org/abstract.cfm?URI=opn-15-6-32},
	Volume = {15},
	Year = {2004},
	Bdsk-Url-1 = {http://www.osa-opn.org/abstract.cfm?URI=opn-15-6-32},
	Bdsk-Url-2 = {http://dx.doi.org/10.1364/OPN.15.6.000032}}

@article{1908AnP...330..377M,
	Adsnote = {Provided by the SAO/NASA Astrophysics Data System},
	Adsurl = {http://adsabs.harvard.edu/abs/1908AnP...330..377M},
	Author = {{Mie}, G.},
	Doi = {10.1002/andp.19083300302},
	Journal = {Annalen der Physik},
	Pages = {377-445},
	Title = {{Beitr{\"a}ge zur Optik tr{\"u}ber Medien, speziell kolloidaler Metall{\"o}sungen}},
	Volume = 330,
	Year = 1908,
	Bdsk-Url-1 = {http://dx.doi.org/10.1002/andp.19083300302}}

@article{PhysRevLett.112.113603,
	Author = {Javanainen, Juha and Ruostekoski, Janne and Li, Yi and Yoo, Sung-Mi},
	Doi = {10.1103/PhysRevLett.112.113603},
	Issue = {11},
	Journal = {Phys. Rev. Lett.},
	Month = {Mar},
	Numpages = {5},
	Pages = {113603},
	Publisher = {American Physical Society},
	Title = {Shifts of a Resonance Line in a Dense Atomic Sample},
	Url = {http://link.aps.org/doi/10.1103/PhysRevLett.112.113603},
	Volume = {112},
	Year = {2014},
	Bdsk-Url-1 = {http://link.aps.org/doi/10.1103/PhysRevLett.112.113603},
	Bdsk-Url-2 = {http://dx.doi.org/10.1103/PhysRevLett.112.113603}}

@article{PhysRev.89.472,
	Author = {Dicke, R. H.},
	Doi = {10.1103/PhysRev.89.472},
	Issue = {2},
	Journal = {Phys. Rev.},
	Month = {Jan},
	Numpages = {0},
	Pages = {472--473},
	Publisher = {American Physical Society},
	Title = {The Effect of Collisions upon the Doppler Width of Spectral Lines},
	Url = {http://link.aps.org/doi/10.1103/PhysRev.89.472},
	Volume = {89},
	Year = {1953},
	Bdsk-Url-1 = {http://link.aps.org/doi/10.1103/PhysRev.89.472},
	Bdsk-Url-2 = {http://dx.doi.org/10.1103/PhysRev.89.472}}

@article{PhysRevLett.107.270403,
	Author = {Sykes, A. G. and Ballagh, R. J.},
	Doi = {10.1103/PhysRevLett.107.270403},
	Issue = {27},
	Journal = {Phys. Rev. Lett.},
	Month = {Dec},
	Numpages = {5},
	Pages = {270403},
	Publisher = {American Physical Society},
	Title = {Probing the Quantum State of a 1D Bose Gas Using Off-Resonant Light Scattering},
	Url = {http://link.aps.org/doi/10.1103/PhysRevLett.107.270403},
	Volume = {107},
	Year = {2011},
	Bdsk-Url-1 = {http://link.aps.org/doi/10.1103/PhysRevLett.107.270403},
	Bdsk-Url-2 = {http://dx.doi.org/10.1103/PhysRevLett.107.270403}}

@article{NJP.JJ,
	Abstract = {We develop a classical theoretical description for nonlinear many-body dynamics that incorporates the back-action of a continuous measurement process. The classical approach is compared with the exact quantum solution in an example with an atomic Bose--Einstein condensate in a double-well potential where the atom numbers in both potential wells are monitored by light scattering. In the classical description, the back-action of the measurements appears as diffusion of the relative phase of the condensates on each side of the trap. When the measurements are frequent enough to resolve the system dynamics, the system behaves classically. This happens even deep in the quantum regime, and demonstrates how classical physics emerges from quantum mechanics as a result of measurement back-action.},
	Author = {Juha Javanainen and Janne Ruostekoski},
	Journal = {New Journal of Physics},
	Number = {1},
	Pages = {013005},
	Title = {Emergent classicality in continuous quantum measurements},
	Url = {http://stacks.iop.org/1367-2630/15/i=1/a=013005},
	Volume = {15},
	Year = {2013},
	Bdsk-Url-1 = {http://stacks.iop.org/1367-2630/15/i=1/a=013005}}

@article{PhysRevA.56.2056,
	Author = {Ruostekoski, Janne and Javanainen, Juha},
	Date-Added = {2014-05-14 19:17:29 +0000},
	Date-Modified = {2014-05-14 19:17:29 +0000},
	Doi = {10.1103/PhysRevA.56.2056},
	Issue = {3},
	Journal = {Phys. Rev. A},
	Month = {Sep},
	Numpages = {0},
	Pages = {2056--2059},
	Publisher = {American Physical Society},
	Title = {Lorentz-Lorenz shift in a Bose-Einstein condensate},
	Url = {http://link.aps.org/doi/10.1103/PhysRevA.56.2056},
	Volume = {56},
	Year = {1997},
	Bdsk-Url-1 = {http://link.aps.org/doi/10.1103/PhysRevA.56.2056},
	Bdsk-Url-2 = {http://dx.doi.org/10.1103/PhysRevA.56.2056}}

@article{PhysRevA.55.513,
	Author = {Ruostekoski, Janne and Javanainen, Juha},
	Doi = {10.1103/PhysRevA.55.513},
	Issue = {1},
	Journal = {Phys. Rev. A},
	Month = {Jan},
	Numpages = {0},
	Pages = {513--526},
	Publisher = {American Physical Society},
	Title = {Quantum field theory of cooperative atom response: Low light intensity},
	Url = {http://link.aps.org/doi/10.1103/PhysRevA.55.513},
	Volume = {55},
	Year = {1997},
	Bdsk-Url-1 = {http://link.aps.org/doi/10.1103/PhysRevA.55.513},
	Bdsk-Url-2 = {http://dx.doi.org/10.1103/PhysRevA.55.513}}

@article{0953-4075-44-19-195006,
	Author = {Lee Weller and Robert J Bettles and Paul Siddons and Charles S Adams and Ifan G Hughes},
	Journal = {Journal of Physics B: Atomic, Molecular and Optical Physics},
	Number = {19},
	Pages = {195006},
	Title = {Absolute absorption on the rubidium D 1 line including resonant dipole--dipole interactions},
	Url = {http://stacks.iop.org/0953-4075/44/i=19/a=195006},
	Volume = {44},
	Year = {2011},
	Bdsk-Url-1 = {http://stacks.iop.org/0953-4075/44/i=19/a=195006}}

@article{PhysRevLett.108.173601,
	Author = {Keaveney, J. and Sargsyan, A. and Krohn, U. and Hughes, I. G. and Sarkisyan, D. and Adams, C. S.},
	Doi = {10.1103/PhysRevLett.108.173601},
	Issue = {17},
	Journal = {Phys. Rev. Lett.},
	Month = {Apr},
	Numpages = {5},
	Pages = {173601},
	Publisher = {American Physical Society},
	Title = {Cooperative Lamb Shift in an Atomic Vapor Layer of Nanometer Thickness},
	Url = {http://link.aps.org/doi/10.1103/PhysRevLett.108.173601},
	Volume = {108},
	Year = {2012},
	Bdsk-Url-1 = {http://link.aps.org/doi/10.1103/PhysRevLett.108.173601},
	Bdsk-Url-2 = {http://dx.doi.org/10.1103/PhysRevLett.108.173601}}

@article{CRA82,
	Author = {Cray, M. and Shih, M. and Milonni, P. W.},
	Date-Added = {2014-10-28 20:02:37 +0000},
	Date-Modified = {2014-10-28 20:05:20 +0000},
	Journal = {Am. J. Phys.},
	Pages = {1016},
	Title = {Stimulated emission, absorption, and interference},
	Volume = {50},
	Year = {1982}}

@book{optics,
	Address = {Cambridge, UK},
	Author = {Born, M and Wolf, E},
	Date-Added = {2014-10-21 14:50:08 +0000},
	Date-Modified = {2014-10-21 14:51:38 +0000},
	Edition = {7th},
	Publisher = {Cambridge University Press},
	Title = {Principles of Optics},
	Year = {1999}}

@book{jackson,
	Address = {New York},
	Author = {J. D. Jackson},
	Date-Added = {2014-10-21 14:47:48 +0000},
	Date-Modified = {2014-10-21 14:49:49 +0000},
	Edition = {3rd},
	Publisher = {Wiley},
	Title = {Classical Electrodynamics},
	Year = {1999}}

@article{Anderson14071995,
	Abstract = {A Bose-Einstein condensate was produced in a vapor of rubidium-87 atoms that was confined by magnetic fields and evaporatively cooled. The condensate fraction first appeared near a temperature of 170 nanokelvin and a number density of 2.5 x 1012 per cubic centimeter and could be preserved for more than 15 seconds. Three primary signatures of Bose-Einstein condensation were seen. (i) On top of a broad thermal velocity distribution, a narrow peak appeared that was centered at zero velocity. (ii) The fraction of the atoms that were in this low-velocity peak increased abruptly as the sample temperature was lowered. (iii) The peak exhibited a nonthermal, anisotropic velocity distribution expected of the minimum-energy quantum state of the magnetic trap in contrast to the isotropic, thermal velocity distribution observed in the broad uncondensed fraction.},
	Author = {Anderson, M. H. and Ensher, J. R. and Matthews, M. R. and Wieman, C. E. and Cornell, E. A.},
	Doi = {10.1126/science.269.5221.198},
	Eprint = {http://www.sciencemag.org/content/269/5221/198.full.pdf},
	Journal = {Science},
	Number = {5221},
	Pages = {198-201},
	Title = {Observation of Bose-Einstein Condensation in a Dilute Atomic Vapor},
	Url = {http://www.sciencemag.org/content/269/5221/198.abstract},
	Volume = {269},
	Year = {1995},
	Bdsk-Url-1 = {http://www.sciencemag.org/content/269/5221/198.abstract},
	Bdsk-Url-2 = {http://dx.doi.org/10.1126/science.269.5221.198}}

@article{PhysRevLett.75.3969,
	Author = {Davis, K. B. and Mewes, M. -O. and Andrews, M. R. and van Druten, N. J. and Durfee, D. S. and Kurn, D. M. and Ketterle, W.},
	Doi = {10.1103/PhysRevLett.75.3969},
	Issue = {22},
	Journal = {Phys. Rev. Lett.},
	Month = {Nov},
	Pages = {3969--3973},
	Publisher = {American Physical Society},
	Title = {Bose-Einstein Condensation in a Gas of Sodium Atoms},
	Url = {http://link.aps.org/doi/10.1103/PhysRevLett.75.3969},
	Volume = {75},
	Year = {1995},
	Bdsk-Url-1 = {http://link.aps.org/doi/10.1103/PhysRevLett.75.3969},
	Bdsk-Url-2 = {http://dx.doi.org/10.1103/PhysRevLett.75.3969}}

@article{PhysRevA.43.6444,
	Author = {Politzer, H. David},
	Doi = {10.1103/PhysRevA.43.6444},
	Issue = {11},
	Journal = {Phys. Rev. A},
	Month = {Jun},
	Pages = {6444--6446},
	Publisher = {American Physical Society},
	Title = {Light incident on a Bose-condensed gas},
	Url = {http://link.aps.org/doi/10.1103/PhysRevA.43.6444},
	Volume = {43},
	Year = {1991},
	Bdsk-Url-1 = {http://link.aps.org/doi/10.1103/PhysRevA.43.6444},
	Bdsk-Url-2 = {http://dx.doi.org/10.1103/PhysRevA.43.6444}}

@article{PhysRevA.51.3896,
	Author = {Morice, Olivier and Castin, Yvan and Dalibard, Jean},
	Doi = {10.1103/PhysRevA.51.3896},
	Issue = {5},
	Journal = {Phys. Rev. A},
	Month = {May},
	Pages = {3896--3901},
	Publisher = {American Physical Society},
	Title = {Refractive index of a dilute Bose gas},
	Url = {http://link.aps.org/doi/10.1103/PhysRevA.51.3896},
	Volume = {51},
	Year = {1995},
	Bdsk-Url-1 = {http://link.aps.org/doi/10.1103/PhysRevA.51.3896},
	Bdsk-Url-2 = {http://dx.doi.org/10.1103/PhysRevA.51.3896}}

@article{PhysRevA.52.3033,
	Author = {Javanainen, Juha and Ruostekoski, Janne},
	Doi = {10.1103/PhysRevA.52.3033},
	Issue = {4},
	Journal = {Phys. Rev. A},
	Month = {Oct},
	Pages = {3033--3046},
	Publisher = {American Physical Society},
	Title = {Off-resonance light scattering from low-temperature Bose and Fermi gases},
	Url = {http://link.aps.org/doi/10.1103/PhysRevA.52.3033},
	Volume = {52},
	Year = {1995},
	Bdsk-Url-1 = {http://link.aps.org/doi/10.1103/PhysRevA.52.3033},
	Bdsk-Url-2 = {http://dx.doi.org/10.1103/PhysRevA.52.3033}}

@article{PhysRevLett.71.1339,
	Author = {Lewenstein, Maciej and You, Li},
	Doi = {10.1103/PhysRevLett.71.1339},
	Issue = {9},
	Journal = {Phys. Rev. Lett.},
	Month = {Aug},
	Pages = {1339--1342},
	Publisher = {American Physical Society},
	Title = {Probing Bose-Einstein condensed atoms with short laser pulses},
	Url = {http://link.aps.org/doi/10.1103/PhysRevLett.71.1339},
	Volume = {71},
	Year = {1993},
	Bdsk-Url-1 = {http://link.aps.org/doi/10.1103/PhysRevLett.71.1339},
	Bdsk-Url-2 = {http://dx.doi.org/10.1103/PhysRevLett.71.1339}}

@article{PhysRevLett.72.2375,
	Author = {Javanainen, Juha},
	Doi = {10.1103/PhysRevLett.72.2375},
	Issue = {15},
	Journal = {Phys. Rev. Lett.},
	Month = {Apr},
	Pages = {2375--2378},
	Publisher = {American Physical Society},
	Title = {Optical signatures of a tightly confined Bose condensate},
	Url = {http://link.aps.org/doi/10.1103/PhysRevLett.72.2375},
	Volume = {72},
	Year = {1994},
	Bdsk-Url-1 = {http://link.aps.org/doi/10.1103/PhysRevLett.72.2375},
	Bdsk-Url-2 = {http://dx.doi.org/10.1103/PhysRevLett.72.2375}}

@article{PhysRevA.50.R3565,
	Author = {You, Li and Lewenstein, Maciej and Cooper, J.},
	Doi = {10.1103/PhysRevA.50.R3565},
	Issue = {5},
	Journal = {Phys. Rev. A},
	Month = {Nov},
	Pages = {R3565--R3568},
	Publisher = {American Physical Society},
	Title = {Line shapes for light scattered from Bose-Einstein condensates},
	Url = {http://link.aps.org/doi/10.1103/PhysRevA.50.R3565},
	Volume = {50},
	Year = {1994},
	Bdsk-Url-1 = {http://link.aps.org/doi/10.1103/PhysRevA.50.R3565},
	Bdsk-Url-2 = {http://dx.doi.org/10.1103/PhysRevA.50.R3565}}

@article{PhysRevLett.75.1927,
	Author = {Javanainen, Juha},
	Doi = {10.1103/PhysRevLett.75.1927},
	Issue = {10},
	Journal = {Phys. Rev. Lett.},
	Month = {Sep},
	Pages = {1927--1930},
	Publisher = {American Physical Society},
	Title = {Spectrum of Light Scattered from a Degenerate Bose Gas},
	Url = {http://link.aps.org/doi/10.1103/PhysRevLett.75.1927},
	Volume = {75},
	Year = {1995},
	Bdsk-Url-1 = {http://link.aps.org/doi/10.1103/PhysRevLett.75.1927},
	Bdsk-Url-2 = {http://dx.doi.org/10.1103/PhysRevLett.75.1927}}

@article{PhysRevLett.76.1774,
	Author = {Graham, Robert and Walls, Dan},
	Doi = {10.1103/PhysRevLett.76.1774},
	Issue = {11},
	Journal = {Phys. Rev. Lett.},
	Month = {Mar},
	Pages = {1774--1775},
	Publisher = {American Physical Society},
	Title = {Spectrum of Light Scattered from a Weakly Interacting Bose-Einstein Condensed Gas},
	Url = {http://link.aps.org/doi/10.1103/PhysRevLett.76.1774},
	Volume = {76},
	Year = {1996},
	Bdsk-Url-1 = {http://link.aps.org/doi/10.1103/PhysRevLett.76.1774},
	Bdsk-Url-2 = {http://dx.doi.org/10.1103/PhysRevLett.76.1774}}

@article{PhysRevA.54.R2543,
	Author = {Csord\'as, Andr\'as and Graham, Robert and Sz\'epfalusy, P.},
	Doi = {10.1103/PhysRevA.54.R2543},
	Issue = {4},
	Journal = {Phys. Rev. A},
	Month = {Oct},
	Pages = {R2543--R2546},
	Publisher = {American Physical Society},
	Title = {Off-resonance light scattering from Bose condensates in traps},
	Url = {http://link.aps.org/doi/10.1103/PhysRevA.54.R2543},
	Volume = {54},
	Year = {1996},
	Bdsk-Url-1 = {http://link.aps.org/doi/10.1103/PhysRevA.54.R2543},
	Bdsk-Url-2 = {http://dx.doi.org/10.1103/PhysRevA.54.R2543}}

@article{PhysRevA.76.053618,
	Author = {Mekhov, Igor B. and Maschler, Christoph and Ritsch, Helmut},
	Doi = {10.1103/PhysRevA.76.053618},
	Issue = {5},
	Journal = {Phys. Rev. A},
	Month = {Nov},
	Numpages = {15},
	Pages = {053618},
	Publisher = {American Physical Society},
	Title = {Light scattering from ultracold atoms in optical lattices as an optical probe of quantum statistics},
	Url = {http://link.aps.org/doi/10.1103/PhysRevA.76.053618},
	Volume = {76},
	Year = {2007},
	Bdsk-Url-1 = {http://link.aps.org/doi/10.1103/PhysRevA.76.053618},
	Bdsk-Url-2 = {http://dx.doi.org/10.1103/PhysRevA.76.053618}}

@article{Saba25032005,
	Abstract = {We demonstrated an experimental technique based on stimulated light scattering to continuously sample the relative phase of two spatially separated Bose-Einstein condensates of atoms. The phase measurement process created a relative phase between two condensates with no initial phase relation, read out the phase, and monitored the phase evolution. This technique was used to realize interferometry between two trapped Bose-Einstein condensates without need for splitting or recombining the atom cloud.},
	Author = {Saba, M. and Pasquini, T. A. and Sanner, C. and Shin, Y. and Ketterle, W. and Pritchard, D. E.},
	Doi = {10.1126/science.1108801},
	Eprint = {http://www.sciencemag.org/content/307/5717/1945.full.pdf},
	Journal = {Science},
	Number = {5717},
	Pages = {1945-1948},
	Title = {Light Scattering to Determine the Relative Phase of Two Bose-Einstein Condensates},
	Url = {http://www.sciencemag.org/content/307/5717/1945.abstract},
	Volume = {307},
	Year = {2005},
	Bdsk-Url-1 = {http://www.sciencemag.org/content/307/5717/1945.abstract},
	Bdsk-Url-2 = {http://dx.doi.org/10.1126/science.1108801}}

@article{1982AmJPh..50..982H,
	Adsnote = {Provided by the SAO/NASA Astrophysics Data System},
	Adsurl = {http://adsabs.harvard.edu/abs/1982AmJPh..50..982H},
	Author = {{Hilborn}, R.~C.},
	Doi = {10.1119/1.12937},
	Journal = {American Journal of Physics},
	Keywords = {Photon interactions with atoms, Oscillator strengths lifetimes transition moments, Photon interactions with molecules, Oscillator and band strengths lifetimes transition moments and Franck-Condon factors},
	Month = nov,
	Pages = {982-986},
	Title = {{Einstein coefficients, cross sections, f values, dipole moments, and all that}},
	Volume = 50,
	Year = 1982,
	Bdsk-Url-1 = {http://dx.doi.org/10.1119/1.12937}}

@book{quantum_optics,
	Address = {New York},
	Author = {Miguel Orszag},
	Date-Added = {2015-12-26 03:58:12 +0000},
	Date-Modified = {2015-12-26 04:02:29 +0000},
	Edition = {2},
	Publisher = {Springer-Verlag Berlin Heidelberg},
	Title = {Quantum Optics},
	Year = {2008}}

@book{feynman,
	Address = {Reading, MA},
	Author = {Richard Feynman, Robert Leighton, Matthew Sands},
	Date-Added = {2015-12-26 19:40:28 +0000},
	Date-Modified = {2015-12-26 19:44:51 +0000},
	Publisher = {Addison-Wesley Publishing Company, INC.},
	Title = {The Feynman Lectures on Physics},
	Volume = {2},
	Year = {1964}}

@article{0038-5670-23-8-R04,
	Abstract = {The present state of theoretical and experimental research on collective spontaneous emission (superradiance) in a system of radiators (atoms, molecules, or nuclei) is reviewed. The distinction between superradiance and the amplification of spontaneous emission is discussed. There is also a discussion of conditions under which the effect can be observed and of various theoretical methods for describing superradiance: the quantum single-mode and multimode models and the semiclassical approach. Theoretical papers on superradiance in systems with dimensions smaller than the wavelength of the radiation and also in extended systems are reviewed. It is shown that superradiance may occur in weakly amplifying media. A situation in which the superradiance is oscillatory is described. The possible use of superradiance to generate coherent emission in the x-ray and γ ranges is discussed. The superradiance accompanying Raman scattering of light in atomic and molecular media is studied. The theoretical results are compared with experimental observations of superradiance in the optical range. In an appendix, the nature of the phase transition in a system of radiators interacting through an electromagnetic field is discussed.},
	Author = {Anatolii V Andreev and Vladimir I Emel'yanov and Yu A Il'inski{\u \i}},
	Journal = {Soviet Physics Uspekhi},
	Number = {8},
	Pages = {493},
	Title = {Collective spontaneous emission (Dicke superradiance)},
	Url = {http://stacks.iop.org/0038-5670/23/i=8/a=R04},
	Volume = {23},
	Year = {1980},
	Bdsk-Url-1 = {http://stacks.iop.org/0038-5670/23/i=8/a=R04}}

@article{1982PhR....93..301G,
	Adsnote = {Provided by the SAO/NASA Astrophysics Data System},
	Adsurl = {http://adsabs.harvard.edu/abs/1982PhR....93..301G},
	Author = {{Gross}, M. and {Haroche}, S.},
	Doi = {10.1016/0370-1573(82)90102-8},
	Journal = {Physics Reports},
	Month = dec,
	Pages = {301-396},
	Title = {{Superradiance: An essay on the theory of collective spontaneous emission}},
	Volume = 93,
	Year = 1982,
	Bdsk-Url-1 = {http://dx.doi.org/10.1016/0370-1573(82)90102-8}}

@article{Dicke_superradiance,
	Adsnote = {Provided by the SAO/NASA Astrophysics Data System},
	Adsurl = {http://adsabs.harvard.edu/abs/1954PhRv...93...99D},
	Author = {{Dicke}, R.~H.},
	Doi = {10.1103/PhysRev.93.99},
	Journal = {Physical Review},
	Month = jan,
	Pages = {99-110},
	Title = {{Coherence in Spontaneous Radiation Processes}},
	Volume = 93,
	Year = 1954,
	Bdsk-Url-1 = {http://dx.doi.org/10.1103/PhysRev.93.99}}

@article{FRIEDBERG1973101,
	Abstract = {The frequency shifts in emission and absorption arising from resonant many-body interactions in a system of two-level atoms are discussed from several points of view: (1) in the language of superradiance, Dicke states, quantum electrodynamics and perturbation theory; (2) in the classical-path treatment of gaseous emission, with emphasis on the impact approximation; (3) by means of diagrams related to the temperature-Green's function formalism; (4) in the semiclassical model using the macroscopic Bloch vector; (5) through ordinary classical electromagnetic theory in a linear medium.},
	Author = {R. Friedberg and S.R. Hartmann and J.T. Manassah},
	Doi = {http://dx.doi.org/10.1016/0370-1573(73)90001-X},
	Issn = {0370-1573},
	Journal = {Physics Reports},
	Number = {3},
	Pages = {101 - 179},
	Title = {Frequency shifts in emission and absorption by resonant systems ot two-level atoms},
	Url = {http://www.sciencedirect.com/science/article/pii/037015737390001X},
	Volume = {7},
	Year = {1973},
	Bdsk-Url-1 = {http://www.sciencedirect.com/science/article/pii/037015737390001X},
	Bdsk-Url-2 = {http://dx.doi.org/10.1016/0370-1573(73)90001-X}}

@article{0034-4885-69-5-R02,
	Abstract = {This paper reviews the work on cavity quantum electrodynamics of free atoms. In recent years, cavity experiments have also been conducted on a variety of solid-state systems resulting in many interesting applications, of which microlasers, photon bandgap structures and quantum dot structures in cavities are outstanding examples. Although these phenomena and systems are very interesting, discussion is limited here to free atoms and mostly single atoms because these systems exhibit clean quantum phenomena and are not disturbed by a variety of other effects. At the centre of our review is the work on the one-atom maser, but we also give a survey of the entire field, using free atoms in order to show the large variety of problems dealt with. The cavity interaction can be separated into two main regimes: the weak coupling in cavity or cavity-like structures with low quality factors Q and the strong coupling when high- Q cavities are involved. The weak coupling leads to modification of spontaneous transitions and level shifts, whereas the strong coupling enables one to observe a periodic exchange of photons between atoms and the radiation field. In this case, atoms and photons are entangled, this being the basis for a variety of phenomena observed, some of them leading to interesting applications in quantum information processing. The cavity experiments with free atoms reached a new domain with the advent of experiments in the visible spectral region. A review on recent achievements in this area is also given.},
	Author = {Herbert Walther and Benjamin T H Varcoe and Berthold-Georg Englert and Thomas Becker},
	Journal = {Reports on Progress in Physics},
	Number = {5},
	Pages = {1325},
	Title = {Cavity quantum electrodynamics},
	Url = {http://stacks.iop.org/0034-4885/69/i=5/a=R02},
	Volume = {69},
	Year = {2006},
	Bdsk-Url-1 = {http://stacks.iop.org/0034-4885/69/i=5/a=R02}}

@article{RevModPhys.82.1041,
	Author = {Hammerer, Klemens and S\o{}rensen, Anders S. and Polzik, Eugene S.},
	Doi = {10.1103/RevModPhys.82.1041},
	Issue = {2},
	Journal = {Rev. Mod. Phys.},
	Month = {Apr},
	Numpages = {0},
	Pages = {1041--1093},
	Publisher = {American Physical Society},
	Title = {Quantum interface between light and atomic ensembles},
	Url = {http://link.aps.org/doi/10.1103/RevModPhys.82.1041},
	Volume = {82},
	Year = {2010},
	Bdsk-Url-1 = {http://link.aps.org/doi/10.1103/RevModPhys.82.1041},
	Bdsk-Url-2 = {http://dx.doi.org/10.1103/RevModPhys.82.1041}}

@article{RevModPhys.68.1,
	Author = {Braginsky, V. B. and Khalili, F. Ya.},
	Doi = {10.1103/RevModPhys.68.1},
	Issue = {1},
	Journal = {Rev. Mod. Phys.},
	Month = {Jan},
	Numpages = {0},
	Pages = {1--11},
	Publisher = {American Physical Society},
	Title = {Quantum nondemolition measurements: the route from toys to tools},
	Url = {http://link.aps.org/doi/10.1103/RevModPhys.68.1},
	Volume = {68},
	Year = {1996},
	Bdsk-Url-1 = {http://link.aps.org/doi/10.1103/RevModPhys.68.1},
	Bdsk-Url-2 = {http://dx.doi.org/10.1103/RevModPhys.68.1}}

@article{photon_blockade,
	Annote = {10.1038/nature03804},
	Author = {Birnbaum, K. M. and Boca, A. and Miller, R. and Boozer, A. D. and Northup, T. E. and Kimble, H. J.},
	Date = {2005/07/07/print},
	Date-Added = {2015-12-26 20:54:20 +0000},
	Date-Modified = {2015-12-26 20:54:20 +0000},
	Day = {07},
	Isbn = {0028-0836},
	Journal = {Nature},
	L3 = {http://www.nature.com/nature/journal/v436/n7047/suppinfo/nature03804_S1.html},
	M3 = {10.1038/nature03804},
	Month = {07},
	Number = {7047},
	Pages = {87--90},
	Title = {Photon blockade in an optical cavity with one trapped atom},
	Ty = {JOUR},
	Url = {http://dx.doi.org/10.1038/nature03804},
	Volume = {436},
	Year = {2005},
	Bdsk-Url-1 = {http://dx.doi.org/10.1038/nature03804}}

@article{Inouye23071999,
	Abstract = {Rayleigh scattering off a Bose-Einstein condensate was studied. Exposing an elongated condensate to a single off-resonant laser beam resulted in the observation of highly directional scattering of light and atoms. This collective light scattering is caused by the coherent center-of-mass motion of the atoms in the condensate. A directional beam of recoiling atoms was built up by matter wave amplification.},
	Author = {Inouye, S. and Chikkatur, A. P. and Stamper-Kurn, D. M. and Stenger, J. and Pritchard, D. E. and Ketterle, W.},
	Doi = {10.1126/science.285.5427.571},
	Eprint = {http://www.sciencemag.org/content/285/5427/571.full.pdf},
	Journal = {Science},
	Number = {5427},
	Pages = {571-574},
	Title = {Superradiant Rayleigh Scattering from a Bose-Einstein Condensate},
	Url = {http://www.sciencemag.org/content/285/5427/571.abstract},
	Volume = {285},
	Year = {1999},
	Bdsk-Url-1 = {http://www.sciencemag.org/content/285/5427/571.abstract},
	Bdsk-Url-2 = {http://dx.doi.org/10.1126/science.285.5427.571}}

@article{PhysRevLett.83.5202,
	Author = {Moore, M. G. and Meystre, P.},
	Doi = {10.1103/PhysRevLett.83.5202},
	Issue = {25},
	Journal = {Phys. Rev. Lett.},
	Month = {Dec},
	Pages = {5202--5205},
	Publisher = {American Physical Society},
	Title = {Theory of Superradiant Scattering of Laser Light from Bose-Einstein Condensates},
	Url = {http://link.aps.org/doi/10.1103/PhysRevLett.83.5202},
	Volume = {83},
	Year = {1999},
	Bdsk-Url-1 = {http://link.aps.org/doi/10.1103/PhysRevLett.83.5202},
	Bdsk-Url-2 = {http://dx.doi.org/10.1103/PhysRevLett.83.5202}}

@article{PhysRevA.62.063615,
	Author = {M\"ustecaplio\ifmmode \breve{g}\else \u{g}\fi{}lu, \"Ozg\"ur E. and You, L.},
	Doi = {10.1103/PhysRevA.62.063615},
	Issue = {6},
	Journal = {Phys. Rev. A},
	Month = {Nov},
	Numpages = {12},
	Pages = {063615},
	Publisher = {American Physical Society},
	Title = {Superradiant light scattering from trapped Bose-Einstein condensates},
	Url = {http://link.aps.org/doi/10.1103/PhysRevA.62.063615},
	Volume = {62},
	Year = {2000},
	Bdsk-Url-1 = {http://link.aps.org/doi/10.1103/PhysRevA.62.063615},
	Bdsk-Url-2 = {http://dx.doi.org/10.1103/PhysRevA.62.063615}}

@article{PhysRevA.82.011404,
	Author = {Bender, H. and Stehle, C. and Slama, S. and Kaiser, R. and Piovella, N. and Zimmermann, C. and Courteille, Ph. W.},
	Doi = {10.1103/PhysRevA.82.011404},
	Issue = {1},
	Journal = {Phys. Rev. A},
	Month = {Jul},
	Numpages = {4},
	Pages = {011404},
	Publisher = {American Physical Society},
	Title = {Observation of cooperative Mie scattering from an ultracold atomic cloud},
	Url = {http://link.aps.org/doi/10.1103/PhysRevA.82.011404},
	Volume = {82},
	Year = {2010},
	Bdsk-Url-1 = {http://link.aps.org/doi/10.1103/PhysRevA.82.011404},
	Bdsk-Url-2 = {http://dx.doi.org/10.1103/PhysRevA.82.011404}}

@article{PhysRevLett.104.183602,
	Author = {Bienaim\'e, T. and Bux, S. and Lucioni, E. and Courteille, Ph. W. and Piovella, N. and Kaiser, R.},
	Doi = {10.1103/PhysRevLett.104.183602},
	Issue = {18},
	Journal = {Phys. Rev. Lett.},
	Month = {May},
	Numpages = {4},
	Pages = {183602},
	Publisher = {American Physical Society},
	Title = {Observation of a Cooperative Radiation Force in the Presence of Disorder},
	Url = {http://link.aps.org/doi/10.1103/PhysRevLett.104.183602},
	Volume = {104},
	Year = {2010},
	Bdsk-Url-1 = {http://link.aps.org/doi/10.1103/PhysRevLett.104.183602},
	Bdsk-Url-2 = {http://dx.doi.org/10.1103/PhysRevLett.104.183602}}

@article{Eur.Phys.J.D.58.1,
	Author = {Courteille, Ph. W. and Bux, S. and Lucioni, E. and Lauber, K. and Bienaim{\'e}, T. and Kaiser, R. and Piovella, N.},
	Doi = {10.1140/epjd/e2010-00095-6},
	Issn = {1434-6060},
	Journal = {The European Physical Journal D},
	Language = {English},
	Number = {1},
	Pages = {69-73},
	Publisher = {Springer-Verlag},
	Title = {Modification of radiation pressure due to cooperative scattering of light},
	Url = {http://dx.doi.org/10.1140/epjd/e2010-00095-6},
	Volume = {58},
	Year = {2010},
	Bdsk-Url-1 = {http://dx.doi.org/10.1140/epjd/e2010-00095-6}}

@article{Sci.325.1510,
	Author = {Scully, Marlan O. and Svidzinsky, Anatoly A.},
	Date-Added = {2013-04-01 00:51:33 +0000},
	Date-Modified = {2013-04-01 00:53:22 +0000},
	Journal = {Science},
	Month = {September},
	Number = {5947},
	Pages = {1510-1511},
	Publisher = {Science},
	Title = {The Super of Superradiance},
	Volume = {325},
	Year = {2009}}

@article{PhysRevA.81.053821,
	Author = {Svidzinsky, Anatoly A. and Chang, Jun-Tao and Scully, Marlan O.},
	Doi = {10.1103/PhysRevA.81.053821},
	Issue = {5},
	Journal = {Phys. Rev. A},
	Month = {May},
	Numpages = {15},
	Pages = {053821},
	Publisher = {American Physical Society},
	Title = {Cooperative spontaneous emission of $N$ atoms: Many-body eigenstates, the effect of virtual Lamb shift processes, and analogy with radiation of $N$ classical oscillators},
	Url = {http://link.aps.org/doi/10.1103/PhysRevA.81.053821},
	Volume = {81},
	Year = {2010},
	Bdsk-Url-1 = {http://link.aps.org/doi/10.1103/PhysRevA.81.053821},
	Bdsk-Url-2 = {http://dx.doi.org/10.1103/PhysRevA.81.053821}}

@article{PhysRevA.59.649,
	Author = {Javanainen, Juha and Ruostekoski, Janne and Vestergaard, Bjarne and Francis, Matthew R.},
	Doi = {10.1103/PhysRevA.59.649},
	Issue = {1},
	Journal = {Phys. Rev. A},
	Month = {Jan},
	Numpages = {0},
	Pages = {649--666},
	Publisher = {American Physical Society},
	Title = {One-dimensional modeling of light propagation in dense and degenerate samples},
	Url = {http://link.aps.org/doi/10.1103/PhysRevA.59.649},
	Volume = {59},
	Year = {1999},
	Bdsk-Url-1 = {http://link.aps.org/doi/10.1103/PhysRevA.59.649},
	Bdsk-Url-2 = {http://dx.doi.org/10.1103/PhysRevA.59.649}}

@article{PhysRevE.69.026605,
	Author = {Pinheiro, F. A. and Rusek, M. and Orlowski, A. and van Tiggelen, B. A.},
	Doi = {10.1103/PhysRevE.69.026605},
	Issue = {2},
	Journal = {Phys. Rev. E},
	Month = {Feb},
	Numpages = {4},
	Pages = {026605},
	Publisher = {American Physical Society},
	Title = {Probing Anderson localization of light via decay rate statistics},
	Url = {http://link.aps.org/doi/10.1103/PhysRevE.69.026605},
	Volume = {69},
	Year = {2004},
	Bdsk-Url-1 = {http://link.aps.org/doi/10.1103/PhysRevE.69.026605},
	Bdsk-Url-2 = {http://dx.doi.org/10.1103/PhysRevE.69.026605}}

@article{PhysRevLett.101.103602,
	Author = {Akkermans, E. and Gero, A. and Kaiser, R.},
	Doi = {10.1103/PhysRevLett.101.103602},
	Issue = {10},
	Journal = {Phys. Rev. Lett.},
	Month = {Sep},
	Numpages = {4},
	Pages = {103602},
	Publisher = {American Physical Society},
	Title = {Photon Localization and Dicke Superradiance in Atomic Gases},
	Url = {http://link.aps.org/doi/10.1103/PhysRevLett.101.103602},
	Volume = {101},
	Year = {2008},
	Bdsk-Url-1 = {http://link.aps.org/doi/10.1103/PhysRevLett.101.103602},
	Bdsk-Url-2 = {http://dx.doi.org/10.1103/PhysRevLett.101.103602}}

@article{1367-2630-14-5-055001,
	Abstract = {Absorption imaging with quasi-resonant laser light is a commonly used technique for probing ultra-cold atomic gases in various geometries. In this paper, we investigate some non-trivial aspects of this method when applying the method to in situ diagnosis of a quasi-two-dimensional (2D) gas. Using Monte Carlo simulations we study the modification of the absorption cross-section of a photon when it undergoes multiple scattering in the gas. We determine the variations of the optical density with various parameters, such as the detuning of the light from the atomic resonance and the thickness of the gas. We compare our results to the known 3D result (the Beer--Lambert law) and outline the specific features of the 2D case.},
	Author = {L Chomaz and L Corman and T Yefsah and R Desbuquois and J Dalibard},
	Journal = {New Journal of Physics},
	Number = {5},
	Pages = {055001},
	Title = {Absorption imaging of a quasi-two-dimensional gas: a multiple scattering analysis},
	Url = {http://stacks.iop.org/1367-2630/14/i=5/a=055001},
	Volume = {14},
	Year = {2012},
	Bdsk-Url-1 = {http://stacks.iop.org/1367-2630/14/i=5/a=055001}}

@article{PhysRevA.86.031602,
	Author = {Jenkins, Stewart D. and Ruostekoski, Janne},
	Doi = {10.1103/PhysRevA.86.031602},
	Issue = {3},
	Journal = {Phys. Rev. A},
	Month = {Sep},
	Numpages = {5},
	Pages = {031602},
	Publisher = {American Physical Society},
	Title = {Controlled manipulation of light by cooperative response of atoms in an optical lattice},
	Url = {http://link.aps.org/doi/10.1103/PhysRevA.86.031602},
	Volume = {86},
	Year = {2012},
	Bdsk-Url-1 = {http://link.aps.org/doi/10.1103/PhysRevA.86.031602},
	Bdsk-Url-2 = {http://dx.doi.org/10.1103/PhysRevA.86.031602}}

@article{PhysRevB.86.085116,
	Author = {Jenkins, Stewart D. and Ruostekoski, Janne},
	Doi = {10.1103/PhysRevB.86.085116},
	Issue = {8},
	Journal = {Phys. Rev. B},
	Month = {Aug},
	Numpages = {29},
	Pages = {085116},
	Publisher = {American Physical Society},
	Title = {Theoretical formalism for collective electromagnetic response of discrete metamaterial systems},
	Url = {http://link.aps.org/doi/10.1103/PhysRevB.86.085116},
	Volume = {86},
	Year = {2012},
	Bdsk-Url-1 = {http://link.aps.org/doi/10.1103/PhysRevB.86.085116},
	Bdsk-Url-2 = {http://dx.doi.org/10.1103/PhysRevB.86.085116}}

@article{PhysRevB.86.205128,
	Author = {Jenkins, S. D. and Ruostekoski, J.},
	Doi = {10.1103/PhysRevB.86.205128},
	Issue = {20},
	Journal = {Phys. Rev. B},
	Month = {Nov},
	Numpages = {9},
	Pages = {205128},
	Publisher = {American Physical Society},
	Title = {Resonance linewidth and inhomogeneous broadening in a metamaterial array},
	Url = {http://link.aps.org/doi/10.1103/PhysRevB.86.205128},
	Volume = {86},
	Year = {2012},
	Bdsk-Url-1 = {http://link.aps.org/doi/10.1103/PhysRevB.86.205128},
	Bdsk-Url-2 = {http://dx.doi.org/10.1103/PhysRevB.86.205128}}

@article{PhysRevA.88.033844,
	Author = {Antezza, Mauro and Castin, Yvan},
	Doi = {10.1103/PhysRevA.88.033844},
	Issue = {3},
	Journal = {Phys. Rev. A},
	Month = {Sep},
	Numpages = {14},
	Pages = {033844},
	Publisher = {American Physical Society},
	Title = {Photonic band gap in an imperfect atomic diamond lattice: Penetration depth and effects of finite size and vacancies},
	Url = {http://link.aps.org/doi/10.1103/PhysRevA.88.033844},
	Volume = {88},
	Year = {2013},
	Bdsk-Url-1 = {http://link.aps.org/doi/10.1103/PhysRevA.88.033844},
	Bdsk-Url-2 = {http://dx.doi.org/10.1103/PhysRevA.88.033844}}

﻿@article {ANDP:ANDP200590026,
author = {Einstein, A.},
title = {Theorie der Opaleszenz von homogenen Flüssigkeiten und Flüssigkeitsgemischen in der Nähe des kritischen Zustandes [AdP 33, 1275 (1910)]},
journal = {Annalen der Physik},
volume = {14},
number = {S1},
publisher = {WILEY-VCH Verlag},
issn = {1521-3889},
url = {http://dx.doi.org/10.1002/andp.200590026},
doi = {10.1002/andp.200590026},
pages = {368--391},
year = {2005},
}
